@book{demo,
  title = {Title},
  author = {Author},
  year = {2016},
  publisher = {Publisher}
}
